@inproceedings { Gladkih,
    author      = {Б.А. Гладких},
    booktitle   = {{Методы оптимизации и исследования операций. Часть 1. Введение в исследование операций. Линейное программирование.}},
    title       = {Методы оптимизации и исследования операций.},
    year        = {2009},
    address     = {Томск},
    publisher   = {НТЛ},
    pages       = {200}
}


@book { Okylov,
    author      = {С.М. Окулов and О.А. Пестов},
    title       = {{Динамическое программирование}},
    year        = {2017},
    address     = {Москва},
    publisher   = {Бином. Лаборатория знаний},
    pages       = {296}
}


@book { Lezhnev,
    author      = {А.В. Лежнёв},
    title       = {{Динамическое программирование в экономических задачах}},
    year        = {2010},
    address     = {Москва},
    publisher   = {Бином},
    pages       = {176}
}


@book { Shiryaev,
    author      = {В.И. Ширяев},
    title       = {Исследование операций и теория управления},
    year        = {2017},
    address     = {Москва},
    publisher   = {Ленанд},
    pages       = {224}
}


@book { Nekrasova,
    author      = {М.Г. Некрасова},
    title       = {Методы оптимизации и теория управления},
    year        = {2007},
    address     = {Комсомольск-на-Амуре},
    publisher   = {КНАГТУ},
    pages       = {132}
}


@book { Bellman,
    author      = {Р. Беллман},
    title       = {Динамическое программирование},
    year        = {2012},
    address     = {Москва},
    publisher   = {Репринт оригинально издания иностранной литературы}
}


@article { Kolodnaya,
    author      = {Е.М. Колодная},
    title       = {Математическое программирование},
    year        = {2015},
    address     = {Москва},
    publisher   = {Бином},
    pages       = {200}
}


@book { Venzel,
    author      = {Е.С. Вентцель},
    title       = {Исследование операций. Задачи, принципы, методологии},
    year        = {1990},
    pages       = {84}
}


@book { Romanovskaya,
    author      = {А.М. Романовская and М.В. Мендзив},
    title       = {Динамическое программирование},
    year        = {2010},
    address     = {Омск},
    publisher   = {Издатель Омский институт (филиал) РГТЭУ},
    pages       = {58}
}


@article { Bertsekas,
    author      = {D.P. Bertsekas},
    title       = {Dynamic Programming and Optimal Control (4^{th} ed.)},
    year        = {2017},
    publisher   = {Athena Scientific},
    pages       = {10}
}


@online { slides,
    title       = {{Исследование операций. Курс лекций (слайды)} [Электронный ресурс]},
    url         = {http://www.math.nsc.ru/LBRT/k5/or_mmf.html},
    urldate     = {2022-05-16}
}


@online { ITMO,
    title       = {{Задача о рюкзаке. Университет ИТМО.} [Электронный ресурс]},
    url         = {https://neerc.ifmo.ru/wiki/index.php?title=Задача_о_рюкзаке},
    urldate     = {2022-05-19}
}


@online { Rust,
    title       = {{The Rust Programming Language} [Электронный ресурс]},
    url         = {https://doc.rust-lang.org/book/},
    urldate     = {2022-05-16}
}


@online { Mathsemestr,
    title       = {{Mathsemestr} [Электронный ресурс]},
    url         = {https://math.semestr.ru/dinam/dinam_manual.php},
    urldate     = {2022-05-20}
}


@online { Benchmark,
    title       = {{Data for the Bin Packing Problem} [Электронный ресурс]},
    url         = {https://people.sc.fsu.edu/~jburkardt/datasets/bin_packing/bin_packing.html},
    urldate     = {2022-05-16}
}
